@article{camara2019indigenous,
  title={Indigenous knowledge networks in the face of global change},
  author={C{\'a}mara-Leret, Rodrigo and Fortuna, Miguel A and Bascompte, Jordi},
  journal={Proceedings of the National Academy of Sciences},
  volume={116},
  number={20},
  pages={9913--9918},
  year={2019},
  publisher={National Academy of Sciences}
}

@article{tavella2022using,
  title={Using motifs in ecological networks to identify the role of plants in crop margins for multiple agriculture functions},
  author={Tavella, Julia and Windsor, Fredric M and Rother, D{\'e}bora C and Evans, Darren M and Guimaraes Jr, Paulo R and Palacios, Tania P and Lois, Marcelo and Devoto, Mariano},
  journal={Agriculture, Ecosystems \& Environment},
  volume={331},
  pages={107912},
  year={2022},
  publisher={Elsevier}
}

@article{windsor2022network,
  title={Network science: Applications for sustainable agroecosystems and food security},
  author={Windsor, Fredric M and Armenteras, Dolors and Assis, Ana Paula A and Astegiano, Julia and Santana, Pamela C and Cagnolo, Luciano and Carvalheiro, Lu{\'\i}sa G and Emary, Clive and Fort, Hugo and Gonzalez, Xavier I and others},
  journal={Perspectives in Ecology and Conservation},
  volume={20},
  number={2},
  pages={79--90},
  year={2022},
  publisher={Elsevier}
}

@article{windsor2021identifying,
  title={Identifying plant mixes for multiple ecosystem service provision in agricultural systems using ecological networks},
  author={Windsor, Fredric M and Tavella, Julia and Rother, D{\'e}bora C and Raimundo, Rafael LG and Devoto, Mariano and Guimar{\~a}es Jr, Paulo R and Evans, Darren M},
  journal={Journal of Applied Ecology},
  volume={58},
  number={12},
  pages={2770--2782},
  year={2021},
  publisher={Wiley Online Library}
}

@article{donatti2011analysis,
  title={Analysis of a hyper-diverse seed dispersal network: modularity and underlying mechanisms},
  author={Donatti, Camila I and Guimar{\~a}es, Paulo R and Galetti, Mauro and Pizo, Marco Aur{\'e}lio and Marquitti, Fl{\'a}via MD and Dirzo, Rodolfo},
  journal={Ecology letters},
  volume={14},
  number={8},
  pages={773--781},
  year={2011},
  publisher={Wiley Online Library}
}

@article{parham2023difference,
  title={The Difference-of-Log-Normals Distribution: Properties, Estimation, and Growth},
  author={Parham, Robert},
  journal={arXiv preprint arXiv:2302.02486},
  year={2023}
}
